<?xml version="1.0" encoding="UTF-8"?><collection xmlns="http://www.loc.gov/MARC21/slim"><record><leader>00572nam--2200169-i-4500</leader><controlfield tag="001">000047043</controlfield><controlfield tag="002">20161230</controlfield><controlfield tag="005">20161230201046</controlfield><controlfield tag="008">060222s1000------------r-----000-0-eng-d</controlfield><datafield ind1=" " ind2=" " tag="040"><subfield code="a">IFIN-HH</subfield></datafield><datafield ind1=" " ind2=" " tag="080"><subfield code="a">539</subfield></datafield><datafield ind1="1" ind2=" " tag="100"><subfield code="a">Kondaiah, E</subfield></datafield><datafield ind1="1" ind2="0" tag="245"><subfield code="a">Nuclear physics and solid state physics symposium 1965</subfield><subfield code="b">Proceedings of the nuclear physics and solid state physics symposium 1965 solid state physics calcutta february 8-february 13, 1965</subfield></datafield><datafield ind1=" " ind2=" " tag="260"><subfield code="a">Calcutta</subfield><subfield code="b">Departament Of Atomic Energy</subfield><subfield code="c">1965</subfield></datafield><datafield ind1=" " ind2=" " tag="300"><subfield code="a">309P</subfield></datafield><datafield ind1=" " ind2=" " tag="852"><subfield code="a">22013</subfield><subfield code="c">539</subfield></datafield><datafield ind1=" " ind2=" " tag="CAT"><subfield code="a">Sys</subfield><subfield code="c">20111005</subfield><subfield code="h">134647</subfield></datafield></record></collection>